<?xml version="1.0" encoding="UTF-8"?><record xmlns="http://www.loc.gov/MARC21/slim" xmlns:cinclude="http://apache.org/cocoon/include/1.0" xmlns:zs="http://www.loc.gov/zing/srw/">
  <leader>00522cz  a2200145n  4500</leader>
  <controlfield tag="001">n  81024932 </controlfield>
  <controlfield tag="003">DLC</controlfield>
  <controlfield tag="005">19960416085432.7</controlfield>
  <controlfield tag="008">810519n| acannaab|          |a aaa |||  </controlfield>
  <datafield tag="010" ind1=" " ind2=" ">
    <subfield code="a">n  81024932 </subfield>
  </datafield>
  <datafield tag="040" ind1=" " ind2=" ">
    <subfield code="a">DLC</subfield>
    <subfield code="c">DLC</subfield>
    <subfield code="d">DLC</subfield>
  </datafield>
  <datafield tag="100" ind1="1" ind2="0">
    <subfield code="a">Pearson, Glenn Laurentz</subfield>
  </datafield>
  <datafield tag="400" ind1="1" ind2="0">
    <subfield code="a">Pearson, Glenn L.</subfield>
    <subfield code="q">(Glenn Laurentz)</subfield>
  </datafield>
  <datafield tag="670" ind1=" " ind2=" ">
    <subfield code="a">His Know your religion, 1961.</subfield>
  </datafield>
  <datafield tag="670" ind1=" " ind2=" ">
    <subfield code="a">Moroni's promise, 1995:</subfield>
    <subfield code="b">t.p. (Glenn L. Pearson) p. 116 (resides in Murray, Utah; bachelor's, Utah State Univ., master's, Brigham Young Univ., doctorate, UCLA)</subfield>
  </datafield>
</record>